@Manual{R-base,
  title = {R: A Language and Environment for Statistical Computing},
  author = {{R Core Team}},
  organization = {R Foundation for Statistical Computing},
  address = {Vienna, Austria},
  year = {2024},
  url = {https://www.R-project.org/},
}

@Manual{R-conflicted,
  title = {conflicted: An Alternative Conflict Resolution Strategy},
  author = {Hadley Wickham},
  year = {2023},
  note = {R package version 1.2.0},
  url = {https://conflicted.r-lib.org/},
}

@Manual{R-formatR,
  title = {formatR: Format R Code Automatically},
  author = {Yihui Xie},
  year = {2023},
  note = {R package version 1.14},
  url = {https://github.com/yihui/formatR},
}

@Manual{R-groundhog,
  title = {groundhog: Version-Control for CRAN, GitHub, and GitLab Packages},
  author = {Uri Simonsohn and Hugo Gruson},
  year = {2024},
  note = {R package version 3.2.0},
  url = {https://groundhogr.com/},
}

@Manual{R-here,
  title = {here: A Simpler Way to Find Your Files},
  author = {Kirill MÃ¼ller},
  year = {2020},
  note = {R package version 1.0.1},
  url = {https://here.r-lib.org/},
}

@Manual{R-kableExtra,
  title = {kableExtra: Construct Complex Table with kable and Pipe Syntax},
  author = {Hao Zhu},
  year = {2024},
  note = {R package version 1.4.0},
  url = {http://haozhu233.github.io/kableExtra/},
}

